@article{cybenko:mcss,
  added-at = {2008-03-11T14:52:34.000+0100},
  author = {Cybenko, G.},
  biburl = {http://www.bibsonomy.org/bibtex/213bb93b8812940a05dbffc1062db3983/idsia},
  citeulike-article-id = {2380191},
  interhash = {96aecb02daa11041489259a8edb54070},
  intrahash = {13bb93b8812940a05dbffc1062db3983},
  journal = {Mathematics of Control, Signals, and Systems},
  keywords = {inaki},
  pages = {303--314},
  priority = {2},
  timestamp = {2008-03-11T14:56:28.000+0100},
  title = {{Approximation by Superpositions of a Sigmoidal Function}},
  volume = 2,
  year = 1989
}
