@inproceedings{Crume:2013:FML:2538542.2538561,
 author = {Crume, Adam and Maltzahn, Carlos and Ward, Lee and Kroeger, Thomas and Curry, Matthew and Oldfield, Ron},
 title = {{Fourier-assisted Machine Learning of Hard Disk Drive Access Time Models}},
 booktitle = {Proceedings of the 8th Parallel Data Storage Workshop},
 series = {PDSW '13},
 year = {2013},
 isbn = {978-1-4503-2505-9},
 location = {Denver, Colorado},
 pages = {45--51},
 numpages = {7},
 url = {http://doi.acm.org/10.1145/2538542.2538561},
 doi = {10.1145/2538542.2538561},
 acmid = {2538561},
 publisher = {ACM},
 address = {New York, NY, USA},
} 
@article{kunkel2013simulating,
  title={{Simulating Parallel Programs on Application and System Level}},
  author={Kunkel, Julian M},
  journal={Computer Science-Research and Development},
  volume={28},
  number={2-3},
  pages={167--174},
  year={2013},
  publisher={Springer},
  url={http://link.springer.com/article/10.1007/s00450-012-0208-2}
}
@inproceedings{cope2011codes,
  title={{CODES: Enabling co-design of Multilayer Exascale Storage Architectures}},
  author={Cope, Jason and Liu, Ning and Lang, Sam and Carns, Phil and Carothers, Chris and Ross, Robert},
  booktitle={Proceedings of the Workshop on Emerging Supercomputing Technologies},
  volume={2011},
  year={2011},
  url = {https://www.mcs.anl.gov/uploads/cels/papers/P1884.pdf}
}

@article{crumelatent,
  title={{Latent Frequency Synthesis for Behavioral Hard Disk Drive Access Time Models}},
  author={Crume, Adam and Maltzahn, Carlos},
  url={https://www.semanticscholar.org/paper/Latent-Frequency-Synthesis-for-Behavioral-Hard-Crume-Maltzahn/7012cbb3c06e6010ad1059004d9a18c23b329a24/pdf}
}

@inproceedings{liu2011towards,
  title={{Towards simulation of parallel file system scheduling algorithms with PFSsim}},
  author={Liu, Yonggang and Figueiredo, Renato and Clavijo, Dulcardo and Xu, Yiqi and Zhao, Ming},
  booktitle={Proceedings of the 7th IEEE International Workshop on Storage Network Architectures and Parallel I/O (May 2011)},
  year={2011},
  url={http://snapi2011.cis.fiu.edu/uploads/General/Liu.pdf}
}

@MISC{Bucy08thedisksim,
    author = {John S. Bucy and Jiri Schindler and Steven W. Schlosser and Gregory R. Ganger},
    title = {{The DiskSim Simulation Environment Version 4.0 Reference Manual}},
    year = {2008},
    url={http://repository.cmu.edu/cgi/viewcontent.cgi?article=1025&context=pdl}
}

@inproceedings{Dai:2012:SDP:2477169.2477214,
 author = {Dai, Chengjun and Liu, Guiquan and Zhang, Lei and Chen, Enhong},
 title = {{Storage Device Performance Prediction with Hybrid Regression Models}},
 booktitle = {Proceedings of the 2012 13th International Conference on Parallel and Distributed Computing, Applications and Technologies},
 series = {PDCAT'12},
 year = {2012},
 isbn = {978-0-7695-4879-1},
 pages = {556--559},
 numpages = {4},
 url = {http://dx.doi.org/10.1109/PDCAT.2012.126},
 doi = {10.1109/PDCAT.2012.126},
 acmid = {2477214},
 publisher = {IEEE Computer Society},
 address = {Washington, DC, USA},
 keywords = {Storage device performance, Workload Characterization, Regression tree, Support vector regression, SRT-SVR},
} 

@inproceedings{DBLP:conf/npc/ZhangLZJC10,
  author    = {Lei Zhang and
               Guiquan Liu and
               Xuechen Zhang and
               Song Jiang and
               Enhong Chen},
  title     = {{Storage Device Performance Prediction with Selective Bagging Classification
               and Regression Tree}},
  booktitle = {Network and Parallel Computing, {IFIP} International Conference, {NPC}
               2010, Zhengzhou, China, September 13-15, 2010. Proceedings},
  pages     = {121--133},
  year      = {2010},
  crossref  = {DBLP:conf/npc/2010},
  url       = {http://dx.doi.org/10.1007/978-3-642-15672-4_11},
  doi       = {10.1007/978-3-642-15672-4_11},
  timestamp = {Tue, 14 Sep 2010 09:54:26 +0200},
  biburl    = {http://dblp.uni-trier.de/rec/bib/conf/npc/ZhangLZJC10},
  bibsource = {dblp computer science bibliography, http://dblp.org}
}

@article{Ruemmler94anintroduction,
    author = {Chris Ruemmler and John Wilkes},
    title = {{An introduction to disk drive modeling}},
    journal = {IEEE Computer},
    year = {1994},
    volume = {27},
    pages = {17--28},
    url={http://ieeexplore.ieee.org/xpls/abs_all.jsp?arnumber=268881&tag=1}
}

@misc{UMLTPTPONI15,
	author	 = {Julian Kunkel and Michaela Zimmer and Eugen Betke},
	title	 = {{Using Machine Learning to Predict the Performance of Non-Contiguous I/O}},
	year	 = {2015},
	month	 = {07},
	location = {Frankfurt, Germany},
	url	 = {http://www.isc-hpc.com/research-posters.html},
}

@book{Rojas:1996:NNS:235222,
 author = {Rojas, Ra\'{u}l},
 title = {{Neural Networks: A Systematic Introduction}},
 year = {1996},
 isbn = {3-540-60505-3},
 publisher = {Springer-Verlag New York, Inc.},
 address = {New York, NY, USA},
}

@article{cybenko:mcss,
  added-at = {2008-03-11T14:52:34.000+0100},
  author = {Cybenko, G.},
  biburl = {http://www.bibsonomy.org/bibtex/213bb93b8812940a05dbffc1062db3983/idsia},
  citeulike-article-id = {2380191},
  interhash = {96aecb02daa11041489259a8edb54070},
  intrahash = {13bb93b8812940a05dbffc1062db3983},
  journal = {Mathematics of Control, Signals, and Systems},
  keywords = {inaki},
  pages = {303--314},
  priority = {2},
  timestamp = {2008-03-11T14:56:28.000+0100},
  title = {{Approximation by Superpositions of a Sigmoidal Function}},
  volume = 2,
  year = 1989,
  url = {http://link.springer.com/article/10.1007/BF02551274}
}

@MastersThesis{VVEIHUDVVN15,
			author	 = {Jan Fabian Schmid},
			title	 = {{Vorhersage von E/A-Leistung im Hochleistungsrechnen unter der Verwendung von neuronalen Netzen}},
			advisors	 = {Julian Kunkel},
			year	 = {2015},
			month	 = {12},
			school	 = {{Universit√§t Hamburg}},
			howpublished	 = {Bachelor's thesis {\url{https://wr.informatik.uni-hamburg.de/_media/research:theses:jan_fabian_schmid_vorhersage_von_e_a_leistung_im_hochleistungsrechnen_unter_der_verwendung_von_neuronalen_netzen.pdf}}},
			type	 = {Bachelor's Thesis},
}

